@manual{intel2017man,
  author = {{Intel Corporation}},
  title = {Intel 64 and IA-32 Architectures Software Developerâ€™s Manual},
  year = {2016},
  month = apr,
  organization = {Intel Corporation},
  note = {\url{http://www.intel.com/content/www/us/en/processors/architectures-software-developer-manuals.html},
   visited 2017-08-19}
}

@online{quadratwurzel_aus_2,
  note = {\url{https://de.wikipedia.org/wiki/Quadratwurzel_aus_2},
   Zugriff am ??.??.????}
}

@online{lemonde_wurzel_2,
  note = {\url{https://monde-diplomatique.de/artikel/!5918386},
   Zugriff am ??.??.????}
}

@manual{papierformat,
  note = {\url{https://de.wikipedia.org/wiki/Papierformat},
   Zugriff am ??.??.????}
}

@online{sqrt2_Quelle,
    note = {\url{https://apod.nasa.gov/htmltest/gifcity/sqrt2.1mil},
    Zugriff am 01.07.23}
}

@online{sqrt2_Quelle2,
    note = {\url{https://catonmat.net/tools/generate-sqrt2-digits},
    Zugriff am 05.07.23}
}



@inproceedings{newton_raphson_division,
	abstract = {A fixed point divider is needed for determining the result of division up to a fixed number of points in its fractional part. The divider does so with a good accuracy so that the result can be used for further applications, where the accuracy as well as speed of different modules should be high. This paper presents a 32-bit fixed point divider design based on Newton Raphson division algorithm. The design comprises of two units viz., one is reciprocal unit and the other is the multiplication unit. For the reciprocal unit the divider uses Newton Raphson method and for multiplication unit it uses the multiplication operator. The Verilog HDL coding of the proposed divider design is simulated using Xilinx Vivado tool and synthesized using Cadence EDA tool.},
	address = {Singapore},
	author = {Pandey, Pawan Kumar and Singh, Dilip and Chandel, Rajeevan},
	booktitle = {Proceeding of Fifth International Conference on Microelectronics, Computing and Communication Systems},
	editor = {Nath, Vijay and Mandal, J. K.},
	isbn = {978-981-16-0275-7},
	pages = {225--234},
	publisher = {Springer Singapore},
	title = {Fixed-Point Divider Using Newton Raphson Division Algorithm},
	year = {2021}
}

@inproceedings{the_art_of_programming,
	address = {Massachusetts},
	author = {Donald E. Knuth},
	booktitle = {The Art of Computer Programming},
	isbn = {0-201-89684-2},
	pages = {295},
	publisher = {Addison-Wesley},
	year = {1997}
}

@image{fliesskommazahlen,
  note = {\url{https://de.wikipedia.org/wiki/Datei:Exakt\_darstellbare\_Gleitkommazahlen.png},
   Zugriff am ??.??.????}
}

@image{fixpunktzahlen,
  note = {\url{https://de.wikipedia.org/wiki/Datei:Fixpointnumbers.png},
   Zugriff am ??.??.????}
}

